@misc{slashroot.in, title={How Does Traceroute Work and Example's of using traceroute command}, url={https://www.slashroot.in/how-does-traceroute-work-and-examples-using-traceroute-command}, journal={slashroot.in}}
@techreport{RFC1191,
  author = {Jeffrey Mogul and Steve Deering},
  title = {Path MTU discovery},
  howpublished = {Internet Requests for Comments},
  type = {RFC},
  number = {1191},
  year = {1990},
  month = {November},
  issn = {2070-1721},
  publisher = {RFC Editor},
  institution = {RFC Editor},
  url = {http://www.rfc-editor.org/rfc/rfc1191.txt},
  note = {\url{http://www.rfc-editor.org/rfc/rfc1191.txt}},
}
