@Misc{cloudflareDNS,
  author =       {Cloudflare},
  howpublished = {\url{https://www.cloudflare.com/learning/dns/what-is-dns/}},
  title =        {What Is DNS? | How DNS Works},
}@techreport{RFC2782,
  author = {Arnt Gulbrandsen and Paul Vixie and Levon Esibov},
  title = {A DNS RR for specifying the location of services (DNS SRV)},
  howpublished = {Internet Requests for Comments},
  type = {RFC},
  number = {2782},
  year = {2000},
  month = {February},
  issn = {2070-1721},
  publisher = {RFC Editor},
  institution = {RFC Editor},
  url = {http://www.rfc-editor.org/rfc/rfc2782.txt},
  note = {\url{http://www.rfc-editor.org/rfc/rfc2782.txt}},
}
@techreport{RFC6891,
  author = {J. Damas and M. Graff and P. Vixie},
  title = {Extension Mechanisms for DNS (EDNS(0))},
  howpublished = {Internet Requests for Comments},
  type = {STD},
  number = {75},
  year = {2013},
  month = {April},
  issn = {2070-1721},
  publisher = {RFC Editor},
  institution = {RFC Editor},
}
@techreport{RFC6762,
  author = {S. Cheshire and M. Krochmal},
  title = {Multicast DNS},
  howpublished = {Internet Requests for Comments},
  type = {RFC},
  number = {6762},
  year = {2013},
  month = {February},
  issn = {2070-1721},
  publisher = {RFC Editor},
  institution = {RFC Editor},
  url = {http://www.rfc-editor.org/rfc/rfc6762.txt},
  note = {\url{http://www.rfc-editor.org/rfc/rfc6762.txt}},
}
@techreport{RFC6763,
  author = {S. Cheshire and M. Krochmal},
  title = {DNS-Based Service Discovery},
  howpublished = {Internet Requests for Comments},
  type = {RFC},
  number = {6763},
  year = {2013},
  month = {February},
  issn = {2070-1721},
  publisher = {RFC Editor},
  institution = {RFC Editor},
  url = {http://www.rfc-editor.org/rfc/rfc6763.txt},
  note = {\url{http://www.rfc-editor.org/rfc/rfc6763.txt}},
}
